@techreport{Jones2009,
	author = {Simon Peyton Jones},
	title = {Computing at School: the state of the nation},
	institution = {The Computing at School Working Group},
	type = {Technical Report},
	year = {2009},
	note = {A report of the Computing at School Working Group For the UK Computing Research Committee. \url{http://www.computingatschool.org.uk/data/uploads/CAS_UKCRC_report.pdf}},
}

@article{Kahn1999,
	author = {Ken Kahn},
	title = {The role of computer programming in education},
	journal = {Educational Technology \& Society},
	year = {1999},
	editor = {Chris O'Hagan},
	publisher = {International Forum of Educational Technology & Society},
	volume = {2},
	number = {4},
	pages = {6--9},
	url = {http://www.ifets.info/download_pdf.php?j_id=20&a_id=419},
}

@inbook{Setzer2001,
	author = {Valdemar W. Setzer and Lowell Monke},
	title = {Challenging the Applications: An Alternative View on Why, When and How Computers Should Be Used in Education},
	booktitle = {Education and Technology: Critical and Reflective Practices},
	year = {2001},
	editor = {R. Muffoletto},
	publisher = {Hampton Press},
	location = {Cresskill, New Jersey},
	pages = {141--172},
	url = {http://www.ime.usp.br/~vwsetzer/comp-in-educ.html},
}

@online{Istrate2010,
	author = {Olimpius Istrate},
	title = {At what age can a child start using a computer?},
	year = {2010},
	note = {Open Education Europa. The European Commission. \url{http://www.openeducationeuropa.eu/en/article/At-what-age-can-a-child-start-using-a-computer%3F}. Last Access: October, 30th 2014},
}

@article{Resnick2009,
	author = {Resnick, Mitchel and Maloney, John and Monroy-Hern\'{a}ndez, Andr{\'e}s and Rusk, Natalie and Eastmond, Evelyn and Brennan, Karen and Millner, Amon and Rosenbaum, Eric and Silver, Jay and Silverman, Brian and Kafai, Yasmin},
	title = {Scratch: Programming for All},
	journal = {Communications of the ACM},
	issue_date = {November 2009},
	volume = {52},
	number = {11},
	month = nov,
	year = {2009},
	issn = {0001-0782},
	pages = {60--67},
	numpages = {8},
	url = {http://doi.acm.org/10.1145/1592761.1592779},
	doi = {10.1145/1592761.1592779},
	acmid = {1592779},
	publisher = {ACM},
	address = {New York, NY, USA},
}

@article{Erwin2000,
	author = {Erwin, B. and Cyr, M. and Rogers, C.},
	title = {LEGO engineer and ROBOLAB: Teaching engineering with LabVIEW from kindergarten to graduate school},
	journal = {International Journal of Engineering Education},
	volume = {16},
	number = {3},
	pages = {181--192},
	url = {http://www.ceeo.tufts.edu/documents/journal/1999bemccr.pdf},
	publisher = {TEMPUS Publications},
	address = {Stroud, Glos., England},
}

@online{Atwood2012,
	author = {Jeff Atwood },
	title = {Please Don't Learn to Code},
	year = {2012},
	note = {Coding Horror: programming and human factors. Personal Blog. \url{http://blog.codinghorror.com/please-dont-learn-to-code/}. Last Access: October, 30th 2014},
}

@article{Wing2006,
	author = {Jeannette M. Wing},
	title = {Computational Thinking},
	journal = {Communications of the ACM},
	issue_date = {March 2006},
	volume = {49},
	number = {3},
	month = mar,
	year = {2006},
	pages = {33--35},
	publisher = {ACM},
	address = {New York, NY, USA},
	url ={https://www.cs.cmu.edu/~15110-s13/Wing06-ct.pdf},
}

@misc{Saines2013,
	author = {George Saines and Nick Winter and Scott Erickson},
	title = {CodeCombat: Learn to Code by Playing a Game},
	howpublished = {Web and iOS digital game (MIT and Creative Commons licenses). \url{http://codecombat.com/}. Last Access: October, 30th 2014},
	year = {2013},
}

@misc{BBC2014,
	author = {{BBC Make it Digital}},
	title = {The Doctor and the Dalek: Teatcher's Resource Pack},
	howpublished = {Web digital game. \url{https://downloads.bbc.co.uk/schools/teachers/doctorwho_coding/the_doctor_and_the_dalek_resource_pack.pdf}. Last Access: October, 30th 2014},
	year = {2014},
}